@book{ ANN11,
       author = {{Ali Kattan} and {Rosni Abdullah} and {Zong Woo Geem}},
       title = {Artificial neural network training and software implementation techniques},
       year = {2011},
}
@online{ DDOhjerne,
        author = {{Jørgen Lützen} and {Morten Møller}},
        title = {Hjerne},
        year = {2018},
        publisher = {Den Store Danske, Gyldendal},
        urldate = {2018-12-08},
        url = {http://denstoredanske.dk/Krop,_psyke_og_sundhed/Sundhedsvidenskab/Sammenlignende_anatomi_og_fysiologi/hjerne},
}
